% This file was created with JabRef 2.9.2.
% Encoding: Cp1252

@ARTICLE{Corral2011,
  author = {Luis Corral and Alberto Sillitti and Giancarlo Succi and Alessandro
	Garibbo and Paolo Ramella},
  title = {Evolution of Mobile Software Development from Platform-Specific to
	Web-Based Multiplatform Paradigm},
  journal = {Onward!},
  year = {2011},
  volume = {Oct 2011},
  pages = {na},
  owner = {Andrew},
  timestamp = {2013.10.27}
}

@ARTICLE{Dediu2011,
  author = {Horace Dediu},
  title = {The proliferation of mobile platforms},
  journal = {Asymco},
  year = {2011},
  volume = {na},
  pages = {na},
  owner = {Andrew},
  timestamp = {2013.10.27}
}

@ARTICLE{Dickson2012,
  author = {Paul E. Dickson},
  title = {Cabana: A Cross-platform Mobile Development System},
  journal = {SIGCSE},
  year = {2012},
  volume = {Feb.},
  pages = {na},
  owner = {Andrew},
  timestamp = {2013.10.28}
}

@ARTICLE{Heitkoetter2013,
  author = {Henning Heitkoetter and Tim A. Majchrzak and Herbert Kuchen},
  title = {Cross-platform Model-Driven Development of Mobile Applications with
	MD2},
  journal = {Symposium of Applied Computing},
  year = {2013},
  volume = {March},
  pages = {na},
  owner = {Andrew},
  timestamp = {2013.10.28}
}

@CONFERENCE{Kaminitz2011,
  author = {Shahar Kaminitz},
  title = {Native Web or Hybrid Mobile App Development},
  booktitle = {na},
  year = {2011},
  owner = {Andrew},
  timestamp = {2013.10.28}
}

@ARTICLE{Kolokolov2013,
  author = {Viktor Kolokolov and Paul Baumann and Silvia Santini and Stefan T.
	Ruehl and Stephan A. W. Verclas},
  title = {Flexible Development of Variable Software Features for Mobile Business
	Applications},
  journal = {Software Product Line Conference},
  year = {2013},
  volume = {na},
  pages = {na},
  owner = {Andrew},
  timestamp = {2013.10.27}
}

@ARTICLE{Leroux2011,
  author = {Brian Leroux and Andre Charland},
  title = {Mobile Application Development: Web vs. Native},
  journal = {Communications of the ACM},
  year = {2011},
  volume = {54 No. 5},
  pages = {49-53},
  owner = {Andrew},
  timestamp = {2013.10.27}
}

@ARTICLE{Markoff2007,
  author = {John Markoff},
  title = {Phone Shows Apple's Impact on Consumer Products},
  journal = {NYTimes},
  year = {2007},
  volume = {na},
  pages = {na},
  owner = {Andrew},
  timestamp = {2013.10.27}
}

@ARTICLE{Mikkonen2009,
  author = {Tommi Mikkonen and Antero Taivalsaari and Mikko Terho},
  title = {Lively for Qt: A Platform for Mobile Web Applications},
  journal = {Mobility 2009},
  year = {2009},
  volume = {Sept.},
  pages = {na},
  owner = {Andrew},
  timestamp = {2013.10.28}
}

@ARTICLE{Mims2013,
  author = {Christopher Mims},
  title = {Why Mobile Apps Will Soon be Dead},
  journal = {MIT Technology Review},
  year = {2013},
  volume = {1},
  pages = {na},
  owner = {Andrew},
  timestamp = {2013.10.27}
}

@ARTICLE{Xanthopoulos2013,
  author = {Spyros Xanthopoulos and Stelios Xinogalos},
  title = {A Comparative Analysis of Cross-platform Development Approaches for
	Mobile Applications},
  journal = {Balkan Conference in Informatics '13},
  year = {2013},
  volume = {Sept},
  pages = {na},
  owner = {Andrew},
  timestamp = {2013.10.27}
}

